@article{schaub2020random,
  title={Random walks on simplicial complexes and the normalized Hodge 1-Laplacian},
  author={Schaub, Michael T and Benson, Austin R and Horn, Paul and Lippner, Gabor and Jadbabaie, Ali},
  journal={SIAM Review},
  volume={62},
  number={2},
  pages={353--391},
  year={2020},
  publisher={SIAM}
}
@article{spivak1965calculus,
  title={Calculus on Manifolds WA Benjamin},
  author={Spivak, Martin},
  journal={Inc., New York},
  year={1965}
}